@misc{Rcore,
	Address = {Vienna, Austria},
	Author = {{R Core Team}},
	Title = {R: A language and environment for statistical computing.
		{R} {Foundation} for {Statistical} {Computing}},
	Year = {2015},
	Url = {https://www.R-project.org/}}

@misc{HSAUR3-package,
	Title = {{HSAUR3:} {A} Handbook of Statistical Analyses Using {R}},
	Author = {Hothorn, T. and Everitt, B. S.},
	Year = {2015},
	Note = {R package version 1.0-5},
	Url = {http://cran.r-project.org/package=HSAUR3}}

@book{HSAUR3-book,
	Author = {Hothorn, T., and Everitt, B. S.},
	Edition = {third},
	Publisher = {Chapman \& Hall/CRC},
	Title = {A Handbook of Statistical Analyses Using {R}},
	Year = {2014}}

@article{lkj,
	Author = {Lewandowski, D., and Kurowicka, D., and Joe, H.},
	Journal = {Journal of Multivariate Analysis},
	Number = {9},
	Pages = {1989--2001},
	Title = {Generating random correlation matrices based on vines and extended
		onion method},
	Volume = {100},
	Year = {2009}}

@article{kerman,
	Author = {Kerman, J.},
	Journal = {arXiv:1111.0433 [math.ST]},
	Title = {A closed-form approximation for the median of the beta distribution},
	Year = {2011}}

@article{guan,
	Author = {Guan, Y. and Stephens, M.},
	Journal = {Annals of Applied Statistics},
	Number = {3},
	Pages = {1780--1815},
	Title = {Bayesian variable selection regression for genome-wide association
		studies, and other large-scale problems},
	Volume = {5},
	Year = {2011}}

@misc{rstanarm,
	Title = {rstanarm: {Bayesian} Applied Regression Modeling via {Stan}},
	Author = {Jonah Gabry and Ben Goodrich},
	Year = {2016},
	Note = {R package version 2.9.0-3},
	Url = {http://cran.r-project.org/package=rstanarm}}
